
@article{ekenstein_1997,
  author =       {Van Ekenstein, G.O.R.A. and Deuring, H. and Ten Brinke, G. and Ellis, T.S.},
  title =        {Blends of Caprolactam/Caprolactone Copolymers and Chlorinated Polymers},
  journal =      {Polymer},
  year =         {1997},
  volume =       {38},
  pages =        {3025-3034}
}


@book{coleman_1991,
  author = 	 {Coleman, M.M. and Graf, J.F. and Painter, P.C.},
  title = 	 {Specific Interactions and the Miscibility of Polymer Blends},
  publisher = 	 {CRC Press},
  year = 	 {1995},
  edition = 	 {1st}
}

@inbook{nriagu_1988,
  author =       {Nriagu, J.O.},
  editor =       {Nriagu, J.O. and Nieboer, E.},
  TITLE =        {Advances in Environmental Science and Technology},
  CHAPTER =      {Historical Perspectives},
  pages =        {1-19},
  PUBLISHER =    {John Wiley,},
  YEAR =         {1988},
  volume =       {20},
  address =      {New York}
}
 
@article{einstein,
    author =       "Albert Einstein",
    title =        "{Zur Elektrodynamik bewegter K{\"o}rper}. ({German})
        [{On} the electrodynamics of moving bodies]",
    journal =      "Annalen der Physik",
    volume =       "322",
    number =       "10",
    pages =        "891--921",
    year =         "1905",
    DOI =          "http://dx.doi.org/10.1002/andp.19053221004"
}
 
@book{latexcompanion,
    author    = "Michel Goossens and Frank Mittelbach and Alexander Samarin",
    title     = "The \LaTeX\ Companion",
    year      = "1993",
    publisher = "Addison-Wesley",
    address   = "Reading, Massachusetts"
}
 
@misc{knuthwebsite,
    author    = "Donald Knuth",
    title     = "Knuth: Computers and Typesetting",
    url       = "http://www-cs-faculty.stanford.edu/\~{}uno/abcde.html"
} 

@misc{tahan2010homem,
  title={O homem que calculava},
  author={Tahan, Malba and de Linhares, Thais Quintella},
  year={2010},
  publisher={Record}
}@misc{tahan2010homem,
  title={O homem que calculava},
  author={Tahan, Malba and de Linhares, Thais Quintella},
  year={2010},
  publisher={Record}
} 


@article{wilson2009memoir,
  title={The memoir class},
  author={Wilson, Peter and Madsen, Lars},
  year={2009}
} 

@article{wilson2001memoir,
  title={The Memoir Class-Configurable Typesetting User Guide},
  author={Wilson, Peter},
  year={2001},
  publisher={Citeseer}
}
