
%
%  $Description: Sample bibliography$ 
% 
%  $Author: ienne $ 
%  $Date: 1995/09/15 15:19:53 $
%  $Revision: 1.3 $
%
@online{tutorialspoint,
	title = {Operating System - Process Scheduling},
	url = {https://www.tutorialspoint.com/operating_system/os_process_scheduling.htm},
	urlaccessdate = {04-05-2018}
}

@online{rutgers,
    author = {Paul Krzyzanowski},
	title = {Process Scheduling},
	url = {https://www.cs.rutgers.edu/~pxk/416/notes/07-scheduling.html},
	urlaccessdate = {04-05-2018}
}

@online{wiki,
	title = {Scheduling (computing)},
	url = {https://en.wikipedia.org/wiki/Scheduling_(computing)#Process_scheduler},
	urlaccessdate = {04-05-2018}
}

@book{tanenbaum,
 author  ={Tanenbaum, S., Andrew},
 title   ={Sistemas operacionais modernos},
 address ={SÃ£o Paulo},
 publisher={Pearson Presentice Hall},
 edition = {3},
 year ={2009}
}

@Article{ex1,
   author =   "Author, Ivan Marc",
   title =   "Some Related Article {I} Wrote", 
   journal =   "Some Fine Journal",
   month = "January",
   number = "7",
   year =   "1999",
   volume =   "99",
   pages =   "1-100",
}


@Book{ex2,
   author =   "Expert, Andreas Nikolaos", 
   title =   "A Book He Wrote", 
   publisher =   "His Publisher",
   address = "Erewhon, NC",
   year =   "1999"
}

@ARTICLE{Codishetal2000,
AUTHOR="M. Codish and K. Marriott and C.K. Taboch",
TITLE="Improving program analyses by structure untupling",
JOURNAL="Journal of Logic Programming",
VOLUME= "43",
ISSUE = "3",
PAGES= "251--263",
YEAR=2000
}

